%%%%%%%%%%%%%%%%%%%%%%%%%%%%
%%% Functional Programming
%%%%%%%%%%%%%%%%%%%%%%%%%%%%

@article{bananas,
  title     = {Functional programming with bananas, lenses, envelopes and barbed wire},
  ISBN      = {9783540475996},
  ISSN      = {1611-3349},
  url       = {http://dx.doi.org/10.1007/3540543961_7},
  DOI       = {10.1007/3540543961_7},
  journal   = {Lecture Notes in Computer Science},
  publisher = {Springer Berlin Heidelberg},
  author    = {Meijer, Erik and Fokkinga, Maarten and Paterson, Ross},
  year      = {1991},
  pages     = {124–144}
}

@inproceedings{calcStreams1998,
author    = {Pavlovic, D. and Escard\'{o}, M. H.},
title     = {Calculus in Coinductive Form},
year      = {1998},
isbn      = {0818685069},
publisher = {IEEE Computer Society},
address   = {USA},
booktitle = {Proceedings of the 13th Annual IEEE Symposium on Logic in Computer Science},
pages     = {408},
series    = {LICS '98}
}

@article{rutten2005,
  title   = {A coinductive calculus of streams},
  author  = {Jan J. M. M. Rutten},
  journal = {Mathematical Structures in Computer Science},
  year    = {2005},
  volume  = {15},
  pages   = {93 - 147}
}


%%%%%%%%%%%%%%%%%%%%%%%
%%% Dynamic Programming
%%%%%%%%%%%%%%%%%%%%%%%

@book{bellmanDPBook,
  title     = "Dynamic programming",
  author    = "Bellman, Richard E",
  publisher = "Princeton University Press",
  series    = "Princeton Landmarks in Mathematics and Physics",
  month     =  jul,
  year      =  1957,
  address   = "Princeton, NJ",
  language  = "en"
}

@article{bellman1952,
  title     = {On the Theory of Dynamic Programming},
  volume    = {38},
  ISSN      = {1091-6490},
  url       = {http://dx.doi.org/10.1073/pnas.38.8.716},
  DOI       = {10.1073/pnas.38.8.716},
  number    = {8},
  journal   = {Proceedings of the National Academy of Sciences},
  publisher = {Proceedings of the National Academy of Sciences},
  author    = {Bellman, Richard},
  year      = {1952},
  month     = {Aug},
  pages     = {716–719},
  url       = {https://www.ncbi.nlm.nih.gov/pmc/articles/PMC1063639/pdf/pnas01581-0064.pdf}
}

@book{bertsekasADP,
  address = {Belmont, Mass},
  title = {Abstract dynamic programming},
  isbn = {978-1-886529-42-7},
  shorttitle = {Abstract dynamic programming},
  language = {en},
  publisher = {Athena Scientific},
  author = {Bertsekas, Dimitri P.},
  year = {2013},
  file = {Bertsekas, Dimitri P._Abstract dynamic programming.pdf:/home/iago/Books/Optimization/Dynamic Programming/Bertsekas, Dimitri P._Abstract dynamic programming.pdf:application/pdf},
}

@misc{sutton2022,
  doi       = {10.48550/ARXIV.2202.13252},
  url       = {https://arxiv.org/abs/2202.13252},
  author    = {Sutton, Richard S.},
  keywords  = {Artificial Intelligence (cs.AI), FOS: Computer and information sciences, FOS: Computer and information sciences},
  title     = {The Quest for a Common Model of the Intelligent Decision Maker},
  publisher = {arXiv},
  year      = {2022},
  copyright = {Creative Commons Attribution Non Commercial No Derivatives 4.0 International}
}
